@article{MA_og,
  title={Molecular dynamics simulation of the structural and physical properties of the four polymorphs of TiO2},
  author={Matsui, Masanori and Akaogi, Masaki},
  journal={Molecular Simulation},
  volume={6},
  number={4-6},
  pages={239--244},
  year={1991},
  publisher={Taylor \& Francis}
}

@techreport{smith_collins,
  title={Daresbury Research Report DL-TR-96-001: Evaluation of $\text{TiO}_2 force fields.$},
  author={Collins, DR and Smith, W},
  year={1996},
  institution={Council for the Central Laboratory of Research Councils}
}

@article{fichtorn,
  title={Molecular dynamics simulation of the aggregation of titanium dioxide nanocrystals: preferential alignment},
  author={Alimohammadi, Mozhgan and Fichthorn, Kristen A},
  journal={Nano letters},
  volume={9},
  number={12},
  pages={4198--4203},
  year={2009},
  publisher={ACS Publications}
}

@article{vvh2007,
  title={Structural properties of simulated liquid and amorphous TiO2},
  author={Van Hoang, Vo},
  journal={physica status solidi (b)},
  volume={244},
  number={4},
  pages={1280--1287},
  year={2007},
  publisher={Wiley Online Library}
}

@article{realistic_nnp,
  title={Using Density Functional Theory to Model Realistic TiO2 Nanoparticles, Their Photoactivation and Interaction with Water},
  author={Selli, Daniele and Fazio, Gianluca and Di Valentin, Cristiana},
  journal={Catalysts},
  volume={7},
  number={12},
  pages={357},
  year={2017},
  publisher={Multidisciplinary Digital Publishing Institute}
}